@inproceedings{DeltaDebugging:2000,
	author    = {Ralf Hildebrandt and
	Andreas Zeller},
	title     = {Simplifying failure-inducing input},
	booktitle = {{ISSTA}},
	pages     = {135--145},
	year      = {2000}
}

@article{DeltaDebugging:2002,
	author    = {Andreas Zeller and
	Ralf Hildebrandt},
	title     = {Simplifying and Isolating Failure-Inducing Input},
	journal   = {{IEEE} Trans. Software Eng.},
	volume    = {28},
	number    = {2},
	pages     = {183--200},
	year      = {2002}
}

@inproceedings{TrippIssta:2013,
	author    = {Omer Tripp and
	Omri Weisman and
	Lotem Guy},
	title     = {Finding your way in the testing jungle: a learning approach to web
	security testing},
	booktitle = {International Symposium on Software Testing and Analysis, {ISSTA}
	'13, Lugano, Switzerland, July 15-20, 2013},
	pages     = {347--357},
	year      = {2013}
}

@inproceedings{YH-Wang:2010,
	author    = {Yi{-}Hsun Wang and
	Ching{-}Hao Mao and
	Hahn{-}Ming Lee},
	title     = {Structural Learning of Attack Vectors for Generating Mutated {XSS}
	Attacks},
	booktitle = {Proceedings Fourth International Workshop on Testing, Analysis and
	Verification of Web Software, {TAV-WEB} 2010, Antwerp, Belgium, 21
	September 2010.},
	pages     = {15--26},
	year      = {2010}
}

@inproceedings{Doupe:2012,
	author = {Doup{\'e}, Adam and Cavedon, Ludovico and Kruegel, Christopher and Vigna, Giovanni},
	title = {Enemy of the State: A State-aware Black-box Web Vulnerability Scanner},
	booktitle = {Proceedings of the 21st USENIX Conference on Security Symposium},
	year = {2012},
	pages = {26--26}
} 

@article{Offutt1,
	author    = {Jeff Offutt and
	Vasileios Papadimitriou and
	Upsorn Praphamontripong},
	title     = {A case study on bypass testing of web applications},
	journal   = {Empirical Software Engineering},
	volume    = {19},
	number    = {1},
	pages     = {69--104},
	year      = {2014}
}

@inproceedings{Offutt2,
	author    = {Jeff Offutt and
	Qingxiang Wang and
	Joann J. Ordille},
	title     = {An Industrial Case Study of Bypass Testing on Web Applications},
	booktitle = {First International Conference on Software Testing, Verification,
	and Validation, {ICST} 2008, Lillehammer, Norway, April 9-11, 2008},
	pages     = {465--474},
	year      = {2008}
}

@inproceedings{Offutt3,
	author    = {Jeff Offutt and
	Ye Wu and
	Xiaochen Du and
	Hong Huang},
	title     = {Bypass Testing of Web Applications},
	booktitle = {15th International Symposium on Software Reliability Engineering {(ISSRE}
	2004), 2-5 November 2004, Saint-Malo, Bretagne, France},
	pages     = {187--197},
	year      = {2004}
}

@inproceedings{Bau:2010,
	author = {Bau, Jason and Bursztein, Elie and Gupta, Divij and Mitchell, John},
	title = {State of the Art: Automated Black-Box Web Application Vulnerability Testing},
	booktitle = {Proceedings of the 2010 IEEE Symposium on Security and Privacy},
	series = {SP '10},
	year = {2010},
	pages = {332--345}
} 

@inproceedings{Amalfitano:FT08,
	author    = {Domenico Amalfitano and
	Anna Rita Fasolino and
	Porfirio Tramontana},
	title     = {Reverse Engineering Finite State Machines from Rich Internet Applications},
	booktitle = {{WCRE} 2008, Proceedings of the 15th Working Conference on Reverse
	Engineering, Antwerp, Belgium, October 15-18, 2008},
	pages     = {69--73},
	year      = {2008}
}

@incollection{BertsimasCR2012, 
	author="D. Bertsimas and A. Chang and C. Rudin",
	title="An Integer Optimization Approach to Associative Classification",
	booktitle="Adv. Neur. Inf. Process. Syst. 25",
	year="2012",
	pages="269--277"
};

@book{book2_group_testing,
	author="D.-Z. Du and F. K. Hwang",
	title="Pooling Designs and Nonadaptive Group Testing: Important Tools for {DNA} Sequencing",
	publisher="World Scientific",
	address="Singapore",
	year="2006"
};

@book{BreimanFOS1984,
	author="L. Breiman and J. H. Friedman and R. A. Olshen and C. J. Stone",
	title="Classification and Regression Trees",
	publisher="Chapman \& Hall",
	address="Boca Raton, FL",
	year="1984"
};

@inproceedings{BrynjolfssonHK2011, 
	author="E. Brynjolfsson and L. Hitt and H. Kim",
	title="Strength in Numbers: How Does Data-Driven Decision-Making Affect Firm Performance?",
	booktitle="Proc. Int. Conf. Inf. Syst.",
	address="Shanghai, China",
	month="Dec.",
	year="2011",
};

@article{CandesW2008,
	author="E. J. Cand{\`e}s and M. B. Wakin",
	title="An Introduction to Compressive Sampling",
	journal="{IEEE} Signal Process. Mag.",
	volume="25",
	number="2",
	pages="21--30",
	month="Mar.",
	year="2008"
};

@article{ClarkN1989,
	author="P. Clark and T. Niblett",
	title="The {CN2} Induction Algorithm",
	journal="Mach. Learn.",
	volume="3",
	number="4",
	pages="261--283",
	month="Mar.",
	year="1989"
};

@inproceedings{Cohen1995, 
	author="W. W. Cohen",
	title="Fast Effective Rule Induction",
	booktitle="Proc. Int. Conf. Mach. Learn.",
	address="Tahoe City, CA",
	month="Jul.",
	year="1995",
	pages="115--123"
};

@inproceedings{CohenS1999, 
	author="W. W. Cohen and Y. Singer",
	title="A Simple, Fast, and Effective Rule Learner",
	booktitle="Proc. Nat. Conf. Artif. Intell.",
	address="Orlando, FL",
	month="Jul.",
	year="1999",
	pages="335--342"
};

@article{Coleman2012,
	author="B. J. Coleman",
	title="Identifying the ``Players'' in Sports Analytics Research",
	journal="Interfaces",
	volume="42",
	number="2",
	pages="109--118",
	month="Mar./Apr.",
	year="2012"
};

@book{DavenportH2007,
	author="T. H. Davenport and J. G. Harris",
	title="Competing on Analytics: The New Science of Winning",
	publisher="Harvard Business School Press",
	address="Boston, MA",
	year="2007"
};

@article{DembczynskiKS2010,
	author="K. Dembczy{\'n}ski and W. Kot{\l}owski and R. S{\l}owi{\'n}ski",
	title="{ENDER}: A Statistical Framework for Boosting Decision Rules",
	journal="Data Min. Knowl. Disc.",
	volume="21",
	number="1",
	pages="52--90",
	month="Jul.",
	year="2010"
};

@article{DemirizBS2002,
	author="A. Demiriz and K. P. Bennett and J. Shawe-Taylor",
	title="Linear Programming Boosting via Column Generation",
	journal="Mach. Learn.",
	volume="46",
	number="1--3",
	pages="225--254",
	month="Jan.",
	year="2002"
};

@article{DyachkovRykov,
	author="A. G. Dyachkov and V. V. Rykov",
	title="A Survey of Superimposed Code Theory",
	journal="Probl. Control Inform.",
	volume="12",
	number="4",
	pages="229--242",
	year="1983"
};

@phdthesis{Feldman2007,
	author="V. Feldman",
	title="Efficiency and Computational Limitations of Learning Algorithms",
	school="Harvard Univ.",
	address="Cambridge, MA",
	year="2007"
};

@booklet{FrankA2010,
	author="A. Frank and A. Asuncion",
	title="{UCI} Machine Learning Repository",
	howpublished="http://archive.ics.uci.edu/ml",
	year="2010",
	institution="University of California, Irvine, School of Information and Computer Sciences"
}; 

@article{FriedmanP2008,
	author="J. H. Friedman and B. E. Popescu",
	title="Predictive Learning via Rule Ensembles",
	journal="Ann. Appl. Stat.",
	volume="2",
	number="3",
	pages="916--954",
	month="Sep.",
	year="2008"
};

@article{Fry2011,
	author="C. Fry",
	title="Closing the Gap Between Analytics and Action",
	journal="INFORMS Analytics Mag.",
	volume="4",
	number="6",
	pages="4--5",
	month="Nov./Dec.",
	year="2011"
};

@article{Furnkranz1999,
	author="J. F{\"u}rnkranz",
	title="Separate-and-Conquer Rule Learning",
	journal="Artif. Intell. Rev.",
	volume="13",
	number="1",
	pages="3--54",
	month="Feb.",
	year="1999"
};

@inproceedings{GilbertIS2008, 
	author="A. C. Gilbert and M. A. Iwen and M. J. Strauss",
	title="Group Testing and Sparse Signal Recovery",
	booktitle="Asilomar Conf. Signals Syst. Comp. Conf. Record",
	address="Pacific Grove, CA",
	month="Oct.",
	year="2008",
	pages="1059--1063"
};

@article{Issenberg2013,
	author="S. Issenberg",
	title="How President {O}bama's Campaign Used Big Data to Rally Individual Voters",
	journal="MIT Tech. Rev.",
	volume="116",
	number="1",
	pages="38--49",
	month="Jan./Feb.",
	year="2013"
};

@inproceedings{JawanpuriaNR2011, 
	author="P. Jawanpuria and J. S. Nath and G. Ramakrishnan",
	title="Efficient Rule Ensemble Learning using Hierarchical Kernels",
	booktitle="Proc. Int. Conf. Mach. Learn.",
	address="Bellevue, WA",
	month="Jun.--Jul.",
	year="2011",
	pages="161--168"
};

@book{KearnsV1994,
	author="M. J. Kearns and U. V. Vazirani",
	title="An Introduction to Computational Learning Theory",
	publisher="MIT Press",
	address="Cambridge, MA",
	year="1994"
};

@techreport{LethamRMM2012,
	author="B. Letham and C. Rudin and T. H. McCormick and D. Madigan",
	title="Building Interpretable Classifiers with Rules using {B}ayesian Analysis",
	address="Univ. Washington",
	institution="Dept. Stat.",
	number="609",
	year="2012",
	month="Dec.",
};

@article{LiuL2005,
	author="J. Liu and M. Li",
	title="Finding Cancer Biomarkers from Mass Spectrometry Data by Decision Lists",
	journal="J. Comp. Bio.",
	volume="12",
	number="7",
	pages="971--979",
	month="Sep.",
	year="2005"
};

@article{MaciejewskiHRLMCE2011,
	author="R. Maciejewski and R. Hafen and S. Rudolph and S. G. Larew and M. A. Mitchell and W. S. Cleveland and D. S. Ebert",
	title="Forecasting Hotspots---A Predictive Analytics Approach",
	journal="{IEEE} Trans. Vis. Comput. Graphics",
	volume="17",
	number="4",
	pages="440--453",
	month="Apr.",
	year="2011"
};

@inproceedings{MalioutovM2012,
	author="D. Malioutov and M. Malyutov",
	title="Boolean Compressed Sensing: {LP} Relaxation for Group Testing",
	booktitle="Proc. IEEE Int. Conf. Acoust. Speech Signal Process.",
	address="Kyoto, Japan",
	month="Mar.",
	year="2012",
	pages="3305--3308"
}

@article{Malyutov78,
	author="M. Malyutov",
	title="The Separating Property of Random Matrices",
	journal="Math. Notes",
	volume="23",
	number="1",
	pages="84--91",
	year="1978",
};

@article{MarchandS2002,
	author="M. Marchand and J. Shawe-Taylor",
	title="The Set Covering Machine",
	journal="J. Mach. Learn. Res.",
	volume="3",
	pages="723---746",
	month="Dec.",
	year="2002"
};

@inproceedings{Mazumdar_approx_disjunct,
	author="A. Mazumdar",
	title="On Almost Disjunct Matrices for Group Testing",
	booktitle="Proc. Int. Symp. Alg. Comput.",
	address="Taipei, Taiwan",
	month="Dec.",
	year="2012",
	pages="649--658"
};

@book{MinelliCD2013,
	author="M. Minelli and M. Chambers and A. Dhiraj",
	title="Big Data, Big Analytics: Emerging Business Intelligence and Analytic Trends for Today's Businesses",
	publisher="John Wiley \& Sons",
	address="Hoboken, NJ",
	year="2013"
};

@article{Natarajan1995,
	author="B. K. Natarajan",
	title="Sparse Approximate Solutions to Linear Systems",
	journal="SIAM J. Comput.",
	volume="24",
	number="2",
	pages="227--234",
	year="1995"
};

@book{NP_complete_book,
	author="M. R. Garey and D. S. Johnson",
	title="Computers and Intractability: A Guide to the Theory of {NP}-Completeness",
	publisher="W. H. Freeman",
	address="San Francisco, CA",
	year="1979",
};

@article{Quinlan1986,
	author="J. R. Quinlan",
	title="Induction of Decision Trees",
	journal="Mach. Learn.",
	volume="1",
	number="1",
	pages="81--106",
	month="Mar.",
	year="1986"
};

@article{Quinlan1987,
	author="J. R. Quinlan",
	title="Simplifying Decision Trees",
	journal="Int. J. Man-Mach. Studies",
	volume="27",
	number="3",
	pages="221--234",
	month="Sep.",
	year="1987"
};

@article{Rivest1987,
	author="R. L. Rivest",
	title="Learning Decision Lists",
	journal="Mach. Learn.",
	volume="2",
	number="3",
	pages="229--246",
	month="Nov.",
	year="1987"
};

@inproceedings{RuckertK2006, 
	author="U. R{\"u}ckert and S. Kramer",
	title="A Statistical Approach to Rule Learning",
	booktitle="Proc. Int. Conf. Mach. Learn.",
	address="Pittsburgh, PA",
	month="Jun.",
	year="2006",
	pages="785--792"
};

@article{RuckertK2008,
	author="U. R{\"u}ckert and S. Kramer",
	title="Margin-Based First-Order Rule Learning",
	journal="Mach. Learn.",
	volume="70",
	number="2--3",
	pages="189--206",
	month="Mar.",
	year="2008"
};

@article{TohTT1999,
	author="K.-C. Toh and M. J. Todd and R. H. T{\"u}t{\"u}nc{\"u}",
	title="{SDPT3} -- A {M}atlab Software Package for Semidefinite Programming, Version 1.3",
	journal="Optim. Method. Softw.",
	volume="11",
	number="1--4",
	pages="545--581",
	year="1999"
};

@inproceedings{Valiant1985, 
	author="L. G. Valiant",
	title="Learning Disjunctions of Conjunctions",
	booktitle="Proc. Int. Joint Conf. Artif. Intell.",
	address="Los Angeles, CA",
	month="Aug.",
	year="1985",
	pages="560--566"
};

@inproceedings{VarshneyRMSD2012, 
	author="K. R. Varshney and J. C. Rasmussen and A. Mojsilovi{\'c} and M. Singh and J. M. DiMicco",
	title="Interactive Visual Salesforce Analytics",
	booktitle="Proc. Int. Conf. Inf. Syst.",
	address="Orlando, FL",
	month="Dec.",
	year="2012",
};

@inproceedings{Wagstaff2012, 
	author="K. L. Wagstaff",
	title="Machine Learning that Matters",
	booktitle="Proc. Int. Conf. Mach. Learn.",
	address="Edinburgh, United Kingdom",
	month="Jun.--Jul.",
	year="2012",
	pages="529--536"
};


@article{dorfman1943detection,
	title={The detection of defective members of large populations},
	author={Dorfman, Robert},
	journal={The Annals of Mathematical Statistics},
	volume={14},
	number={4},
	pages={436--440},
	year={1943}
}

@book{group_testing,
	title={Combinatorial group testing and its applications},
	author={Du, Ding-Zhu and Hwang, Frank K},
	volume={12},
	year={1999},
	publisher={World Scientific}
}

@article{vardi1996network_tomography,
	title={Network tomography: Estimating source-destination traffic intensities from link data},
	author={Vardi, Yehuda},
	journal={Journal of the American Statistical Association},
	volume={91},
	number={433},
	pages={365--377},
	year={1996},
	publisher={Taylor \& Francis}
}

@article{donoho_pnas,
	title={Optimally sparse representation in general (nonorthogonal) dictionaries via ℓ1 minimization},
	author={Donoho, David L and Elad, Michael},
	journal={Proceedings of the National Academy of Sciences},
	volume={100},
	number={5},
	pages={2197--2202},
	year={2003},
	publisher={National Acad Sciences}
}

@article{natarajan1995sparse_recovery_complexity,
	title={Sparse approximate solutions to linear systems},
	author={Natarajan, Balas Kausik},
	journal={SIAM journal on computing},
	volume={24},
	number={2},
	pages={227--234},
	year={1995},
	publisher={SIAM}
}

@article{candes2008_RIP,
	title={The restricted isometry property and its implications for compressed sensing},
	author={Cand{\`e}s, Emmanuel J},
	journal={Comptes Rendus Mathematique},
	volume={346},
	number={9},
	pages={589--592},
	year={2008},
	publisher={Elsevier}
}


@article{tibshirani1996regression,
	title={Regression shrinkage and selection via the lasso},
	author={Tibshirani, Robert},
	journal={Journal of the Royal Statistical Society. Series B (Methodological)},
	pages={267--288},
	year={1996}
}

@article{basis_pursuit,
	title={Atomic decomposition by basis pursuit},
	author={Chen, Scott Shaobing and Donoho, David L and Saunders, Michael A},
	journal={SIAM review},
	volume={43},
	number={1},
	pages={129--159},
	year={2001},
	publisher={SIAM}
}

@article{donoho2001uncertainty,
	title={Uncertainty principles and ideal atomic decomposition},
	author={Donoho, David L and Huo, Xiaoming},
	journal={Information Theory, IEEE Transactions on},
	volume={47},
	number={7},
	pages={2845--2862},
	year={2001},
	publisher={IEEE}
}

@article{donoho2006compressed,
	title={Compressed sensing},
	author={Donoho, David L},
	journal={Information Theory, IEEE Transactions on},
	volume={52},
	number={4},
	pages={1289--1306},
	year={2006},
	publisher={IEEE}
}

@article{malioutov2005sparse,
	title={A sparse signal reconstruction perspective for source localization with sensor arrays},
	author={Malioutov, Dmitry and {\c{C}}etin, M{\"u}jdat and Willsky, Alan S},
	journal={Signal Processing, IEEE Transactions on},
	volume={53},
	number={8},
	pages={3010--3022},
	year={2005},
	publisher={IEEE}
}


@inproceedings{malioutov2013exact,
	title={Exact rule learning via Boolean compressed sensing},
	author={Malioutov, Dmitry and Varshney, Kush},
	booktitle={Proceedings of the 30th international conference on machine learning},
	pages={765--773},
	year={2013}
}

@inproceedings{malioutov2012boolean,
	title={Boolean compressed sensing: LP relaxation for group testing},
	author={Malioutov, Dmitry and Malyutov, Mikhail},
	booktitle={Acoustics, Speech and Signal Processing (ICASSP), 2012 IEEE International Conference on},
	pages={3305--3308},
	year={2012},
	organization={IEEE}
}

@article{atia2012boolean,
	title={Boolean compressed sensing and noisy group testing},
	author={Atia, George K and Saligrama, Venkatesh},
	journal={Information Theory, IEEE Transactions on},
	volume={58},
	number={3},
	pages={1880--1901},
	year={2012},
	publisher={IEEE}
}

@book{rish2014sparse,
	title={Sparse modeling: theory, algorithms, and applications},
	author={Rish, Irina and Grabarnik, Genady},
	year={2014},
	publisher={CRC Press}
}