@inproceedings{leap,
 author = {Huang, Jeff and Liu, Peng and Zhang, Charles},
 title = {{LEAP}: Lightweight Deterministic Multi-processor Replay of Concurrent Java Programs},
 booktitle = {FSE},
 year = {2010}
} 


@inproceedings{stride,
 author = {Zhou, Jinguo and Xiao, Xiao and Zhang, Charles},
 title = {Stride: Search-based Deterministic Replay in Polynomial Time via Bounded Linkage},
 booktitle = {ICSE},
 year = {2012}
 
} 



@inproceedings{clap,
 author = {Huang, Jeff and Zhang, Charles and Dolby, Julian},
 title = {{CLAP: Recording Local Executions to Reproduce Concurrency Failures}},
 booktitle = {PLDI},
 year = {2013}
} 


@inproceedings{wee,
 author = {Weeratunge, Dasarath and Zhang, Xiangyu and Jagannathan, Suresh},
 title = {Analyzing Multicore Dumps to Facilitate Concurrency Bug Reproduction},
 booktitle = {ASPLOS XV},
 year = {2010}
} 

@inproceedings{synthesis,
 author = {Zamfir, Cristian and Candea, George},
 title = {Execution Synthesis: A Technique for Automated Software Debugging},
 booktitle = {EuroSys},
 year = {2010}
} 


@inproceedings{micro,
 author = {Lee, Dongyoon and Said, Mahmoud and Narayanasamy, Satish and Yang, Zijiang and Pereira, Cristiano},
 title = {Offline Symbolic Analysis for Multi-processor Execution Replay},
 booktitle = {MICRO},
 year = {2009}
} 


@inproceedings{lee,
 author = {Lee, Kyu Hyung and Kim, Dohyeong and Zhang, Xiangyu},
 title = {Infrastructure-free Logging and Replay of Concurrent Execution on Multiple Cores},
 booktitle = {PPoPP},
 year = {2014}
} 


@inproceedings{yyzhou,
 author = {Park, Soyeon and Zhou, Yuanyuan and Xiong, Weiwei and Yin, Zuoning and Kaushik, Rini and Lee, Kyu H. and Lu, Shan},
 title = {PRES: Probabilistic Replay with Execution Sketching on Multiprocessors},
 booktitle = {SOSP},
 year = {2009}
} 

@inproceedings{z3,
 author = {De Moura, Leonardo and Bj{\o}rner, Nikolaj},
 title = {Z3: An Efficient SMT Solver},
 booktitle = {TACAS},
 year = {2008}
} 


@misc{yices,
 key = "Yices",
 title = "The Yices SMT Solver",
 note = "\url{http://yices.csl.sri.com/}"
}



@inproceedings{dejavu,
 author = {Choi, Jong-Deok and Srinivasan, Harini},
 title = {Deterministic Replay of Java Multithreaded Applications},
 booktitle = {SPDT},
 year = {1998}
} 



@inproceedings{Sen-FMOODS05,
 author = {Sen, Koushik and Ro\c{s}u, Grigore and Agha, Gul},
 title = {Detecting Errors in Multithreaded Programs by Generalized Predictive Analysis of Executions},
 booktitle = {FMOODS},
 year = {2005}
} 


@inproceedings{Chen-CAV07,
 author = {Chen, Feng and Ro\c{s}u, Grigore},
 title = {Parametric and Sliced Causality},
 booktitle = {CAV},
 year = {2007}
} 


@incollection{maximalCausal,
  author={\c{S}erb\u{a}nu\c{t}\u{a}, TraianFlorin and Chen, Feng and Ro\c{s}u, Grigore},
  title={Maximal Causal Models for Sequentially Consistent Systems},
  booktitle={Runtime Verification},
  year={2013}
}


@inproceedings{atomizer,
 author = {Flanagan, Cormac and Freund, Stephen N},
 title = {Atomizer: A Dynamic Atomicity Checker for Multithreaded Programs},
 booktitle = {POPL},
 year = {2004}
} 

@inproceedings{yannis_popl12,
 author = {Smaragdakis, Yannis and Evans, Jacob and Sadowski, Caitlin and Yi, Jaeheon and Flanagan, Cormac},
 title = {Sound Predictive Race Detection in Polynomial Time},
 booktitle = {POPL}, 
 year = {2012}
} 


@inproceedings{octet,
 author = {Bond, Michael D. and Kulkarni, Milind and Cao, Man and Zhang, Minjia and Fathi Salmi, Meisam and Biswas, Swarnendu and Sengupta, Aritra and Huang, Jipeng},
 title = {OCTET: Capturing and Controlling Cross-thread Dependences Efficiently},
 booktitle = {OOPSLA},
 year = {2013}
} 


@inproceedings{rocket,
 author = {Michael D. Bond and Milind Kulkarni},
 title = {Tracking Conflicting Accesses Efficiently for Software Record and Replay},
 series = {Ohio State CSE Technical Report, OSU-CISRC-2/12-TR01},
 year = {2012}
} 


@inproceedings{doubleplay,
 author = {Veeraraghavan, Kaushik and Lee, Dongyoon and Wester, Benjamin and Ouyang, Jessica and Chen, Peter M. and Flinn, Jason and Narayanasamy, Satish},
 title = {DoublePlay: Parallelizing Sequential Logging and Replay},
 booktitle = {ASPLOS XVI},
 year = {2011} 
} 


@inproceedings{chimera,
 author = {Lee, Dongyoon and Chen, Peter M. and Flinn, Jason and Narayanasamy, Satish},
 title = {Chimera: Hybrid Program Analysis for Determinism},
 booktitle = {PLDI},
 year = {2012}
} 





@article{recplay,
 author = {Ronsse, Michiel and De Bosschere, Koen},
 title = {RecPlay: A Fully Integrated Practical Record/Replay System},
 journal = {ACM Trans. Comput. Syst.},
 issue_date = {May 1999},
 volume = {17},
 number = {2},
 month = may,
 year = {1999}
} 


@article{instantplay,
 author = {LeBlanc, T. J. and Mellor-Crummey, J. M.},
 title = {Debugging Parallel Programs with Instant Replay},
 journal = {IEEE Trans. Comput.},
 issue_date = {April 1987},
 volume = {36},
 number = {4},
 month = apr,
 year = {1987} 
}


@phdthesis{MyPHD,
 author = {Omer Tripp},
 title = {Incorporating Data Abstractions into Concurrency Control},
 school = {Tel-Aviv University},
 year = {2014} 
}


@inproceedings{soot,
 author = {Vall{\'e}e-Rai, Raja and Co, Phong and Gagnon, Etienne and Hendren, Laurie and Lam, Patrick and Sundaresan, Vijay},
 title = {Soot - a Java Bytecode Optimization Framework},
 booktitle = {CASCON},
 year = {1999}
} 

@inproceedings{chord,
 author = {Naik, Mayur and Aiken, Alex and Whaley, John},
 title = {Effective Static Race Detection for Java},
 booktitle = {PLDI},
 year = {2006}
} 


@inproceedings{jgf,
 author = {Smith, L. A. and Bull, J. M. and Obdrz\'{a}lek, J.},
 title = {A Parallel Java Grande Benchmark Suite},
 booktitle = {Proceedings of the 2001 ACM/IEEE Conference on Supercomputing},
 series = {SC},
 year = {2001} 
} 


@inproceedings{stamp,
 author = {Chi Cao Minh and JaeWoong Chung and Christos Kozyrakis and Kunle Olukotun},
 title = {STAMP: Stanford transactional applications for multi-processing},
 booktitle = {IEEE International Symposium on Workload Characterization},
 year = {2008}
} 


@inproceedings{pldi14,
 author = {Huang, Jeff and Meredith, Patrick O'Neil and Rosu, Grigore},
 title = {Maximal Sound Predictive Race Detection with Control Flow Abstraction},
 booktitle = {PLDI},
 year = {2014} 
} 


@inproceedings{grail,
 author = {Peng Liu and Omer Tripp and Charles Zhang},
 title = {Grail: Context-aware Fixing of Concurrency Bugs},
 series = {FSE},
 year = {2014} 
} 


@inproceedings{dacapo,
 author = {Blackburn, Stephen M. and Garner, Robin and Hoffmann, Chris and Khang, Asjad M. and McKinley, Kathryn S. and Bentzur, Rotem and Diwan, Amer and Feinberg, Daniel and Frampton, Daniel and Guyer, Samuel Z. and Hirzel, Martin and Hosking, Antony and Jump, Maria and Lee, Han and Moss, J. Eliot B. and Phansalkar, Aashish and Stefanovi\'{c}, Darko and VanDrunen, Thomas and von Dincklage, Daniel and Wiedermann, Ben},
 title = {The DaCapo Benchmarks: Java Benchmarking Development and Analysis},
 booktitle = {OOPSLA},
 year = {2006} 
} 


@inproceedings{harryxu,
 author = {Xu, Guoqing and Arnold, Matthew and Mitchell, Nick and Rountev, Atanas and Sevitsky, Gary},
 title = {Go with the Flow: Profiling Copies to Find Runtime Bloat},
 booktitle = {PLDI},
 year = {2009} 
} 


@inproceedings{oopsla-locking,
 author = {Golan-Gueta, Guy and Bronson, Nathan and Aiken, Alex and Ramalingam, G. and Sagiv, Mooly and Yahav, Eran},
 title = {Automatic Fine-grain Locking Using Shape Properties},
 booktitle = {OOPSLA},
 year = {2011} 
} 


@inproceedings{chaowang,
  author    = {Vineet Kahlon and
               Chao Wang},
  title     = {Universal Causality Graphs: {A} Precise Happens-Before Model for Detecting
               Bugs in Concurrent Programs},
  booktitle = {CAV},
  year      = {2010}
}


@inproceedings{omer-oopsla,
 author = {Tripp, Omer and Yorsh, Greta and Field, John and Sagiv, Mooly},
 title = {HAWKEYE: Effective Discovery of Dataflow Impediments to Parallelization},
 booktitle = {OOPSLA},
 year = {2011}
} 


@article{owicki,
 author = {Owicki, Susan and Gries, David},
 title = {Verifying Properties of Parallel Programs: An Axiomatic Approach},
 journal = {Commun. ACM},
 issue_date = {May 1976},
 volume = {19},
 number = {5},
 month = may,
 year = {1976}
} 


@inproceedings{atomicset1,
 author = {Hammer, Christian and Dolby, Julian and Vaziri, Mandana and Tip, Frank},
 title = {Dynamic Detection of Atomic-set-serializability Violations},
 booktitle = {ICSE},
 year = {2008}
}


@inproceedings{atomicset2,
 author = {Lai, Zhifeng and Cheung, S. C. and Chan, W. K.},
 title = {Detecting Atomic-set Serializability Violations in Multithreaded Programs Through Active Randomized Testing},
 booktitle = {ICSE},
 year = {2010}
} 


@article{jarec,
 author = {Georges, A. and Christiaens, M. and Ronsse, M. and De Bosschere, K.},
 title = {JaRec: A Portable Record/Replay Environment for Multi-threaded Java Applications},
 journal = {Software Practice and Experience},
 issue_date = {May 2004},
 volume = {34},
 number = {6},
 month = may,
 year = {2004}
} 

@article{persist,
 author = {Liu, Peng and Zhang, Charles},
 title = {Pert: The Application-Aware Tailoring of Java Object Persistence},
 journal = {TSE},
 issue_date = {July 2012},
 volume = {38},
 number = {4},
 month = jul,
 year = {2012}
} 


@inproceedings{odr,
 author = {Altekar, Gautam and Stoica, Ion},
 title = {ODR: Output-deterministic Replay for Multicore Debugging},
 booktitle = {SOSP},
 year = {2009}
} 

@article{Gibbons,
 author = {Gibbons, Phillip B. and Korach, Ephraim},
 title = {Testing Shared Memories},
 journal = {SIAM J. Comput.},
 issue_date = {Aug. 1997},
 volume = {26},
 number = {4},
 month = aug,
 year = {1997}
}


@inproceedings{fasttrack,
 author = {Flanagan, Cormac and Freund, Stephen N.},
 title = {FastTrack: Efficient and Precise Dynamic Race Detection},
 booktitle = {PLDI},
 year = {2009}
} 



@inproceedings{pinplay,
 author = {Patil, Harish and Pereira, Cristiano and Stallcup, Mack and Lueck, Gregory and Cownie, James},
 title = {PinPlay: A Framework for Deterministic Replay and Reproducible Analysis of Parallel Programs},
 booktitle = {CGO},
 year = {2010}
} 

@inproceedings{chord2,
  author = {Naik, Mayur and Aiken, Alex},
  title = {Conditional must not aliasing for static race detection},
  booktitle = {POPL},  
    year = 2007
}


@inproceedings{eidetic,
 author = {Devecsery, David and Chow, Michael and Dou, Xianzheng and Flinn, Jason and Chen, Peter M.},
 title = {Eidetic Systems},
 booktitle = {OSDI},
 year = {2014}
} 
